%1
@article{seymour2011history,
	title={History of search engines},
	author={Seymour, Tom and Frantsvog, Dean and Kumar, Satheesh},
	journal={International Journal of Management \& Information Systems (IJMIS)},
	volume={15},
	number={4},
	pages={47--58},
	year={2011}
}

%2
@article{brin1998anatomy,
	title={The anatomy of a large-scale hypertextual web search engine},
	author={Brin, Sergey and Page, Lawrence},
	year={1998}
}

%3
@article{sood2007tagassist,
	title={Tagassist: Automatic tag suggestion for blog posts},
	author={Sood, Sanjay},
	year={2007}
}

%4
@article{song2008autotag,
	title={Real-time Automatic Tag Recommendation},
	author={Song, Yang and Zhuang, Ziming and Li, Huajing and Zhao, Qiankun and Li, Jia and Lee, Wang-Chien and Giles, Lee },
	year={2008}
}

%5
@article{song2011autotag,
	title={Real-time Automatic Tag Recommendation},
	author={Song, Yang and Zhuang, Lu and Giles, Lee },
	year={2011}
}

%6
@article{shi2016mashuptag,
	title={A Probabilistic Topic Model for Mashup Tag Recommendation},
	author={Shi, Min and Liu, Jianxun and Tang, Mingdong and Xie, Fenfang and Zhang, Tingting},
	year={2016}
}

%7
@article{parra2018videotag,
	title={Automatic Tag Recommendation for Software Development Video Tutorials},
	author={Parra, Esteban and Escobar-Avila, Javier and Haiduc, Sonia},
	year={2018}
}

%8
@article{won2020musictag,
	title={Evaluation of CNN-based Automatic Music Tagging Models},
	author={Won, Minz and Ferraro, Andres and Bogdanov, Dmitry and Serra, Xavier},
	year={2020}
}

%9
@article{pratama2022igst,
	title={PERANCANGAN MODUL PENGINDEKS PADA SEARCH ENGINE BERUPA INDUCED GENERALIZED SUFFIX TREE UNTUK KEPERLUAN PERANGKINGAN DOKUMEN},
	author={Pratama, Zaidan},
	year={2022}
}

@article{khatulistiwa_2022_searchengine,
	title={PERANCANGAN ARSITEKTUR SEARCH ENGINE DENGAN MENGINTEGRASIKAN WEB CRAWLER, ALGORITMA PAGE RANKING, DAN DOCUMENT RANKING},
	author={Khatulistiwa, Lazuardy},
	year={2022}
}


%10
@electronic{reliablesoft2022,
	author={Alex Christ},
	title={Top 10 Search Engines In The World (2022 Update)},
	url = {https://www.reliablesoft.net/top-10-search-engines-in-the-world/},
	lastchecked = {2022-10-01},
	year = {2022},
}

%11
@article{zha2001bgp,
    author={Zha, Hongyuan and He, Xiaofeng and Ding, Chris and Simon, Horst and Gu, Ming},
    title={Bipartite Graph Partitioning and Data Clustering},
    year={2001}
}

%11
@article{jia_2004_two_way_poisson_model,
    author={Li, Jia and Zha, Hongyuan},
    title={Two-way Poisson mixture models for simultaneous document classification and word clustering},
    year={2004}
}

%12
@article{reynolds_gaussian_mixture_model,
    author={Reynolds, Douglas},
    title={Gaussian Mixture Model},
    year={2009},
}

%13
@book{golub_matrix_computation_3_edition,
    title = {Matrix Computations Third Edition},
    author = {Golub, Gene H. and Loan, Charles F. Van},
    isbn = {0801854148},
    series = {Matrix Computations},
    year = {1996},
    publisher = {The John Hopkins University Press},
    keywords = {maths}
}

%14
@article{rzeszotarski_physics_tutorial,
author = {Rzeszotarski, Mark},
year = {1999},
month = {05},
pages = {765-782},
title = {The AAPM/RSNA Physics Tutorial for Residents1},
volume = {19},
journal = {RadioGraphics},
doi = {10.1148/radiographics.19.3.g99ma33765}
}

%15
@article{farooq_social_bookmarking,
author = {Farooq, Umar and Song, Yang and Caroll, John M. and Giles, C. Lee},
year = {2007},
title = {Social Bookmarking for
Scholarly Digital Libraries},
}